<record><leader>00000cas a22000007a 4500</leader><controlfield tag="001">9741562</controlfield><controlfield tag="008">830726d18691900nyuwr ne      0    0eng d</controlfield><datafield ind1=" " ind2=" " tag="010"><subfield code="a">sn 83031012 </subfield></datafield><datafield ind1=" " ind2=" " tag="040"><subfield code="a">NPU</subfield><subfield code="b">eng</subfield><subfield code="c">NPU</subfield><subfield code="d">NPX</subfield><subfield code="d">NYS</subfield><subfield code="d">MGN</subfield><subfield code="d">NYS</subfield><subfield code="d">OCLCQ</subfield></datafield><datafield ind1=" " ind2=" " tag="042"><subfield code="a">msc</subfield></datafield><datafield ind1="0" ind2="0" tag="245"><subfield code="a">Chautauqua farmer.</subfield></datafield><datafield ind1="3" ind2="0" tag="246"><subfield code="a">Chautauqua farmer and dairyman's friend</subfield></datafield><datafield ind1=" " ind2=" " tag="260"><subfield code="a">Dunkirk, N.Y. :</subfield><subfield code="b">J.M. Lake</subfield></datafield><datafield ind1=" " ind2=" " tag="300"><subfield code="a">v. ;</subfield><subfield code="c">53 cm.</subfield></datafield><datafield ind1=" " ind2=" " tag="310"><subfield code="a">Weekly</subfield></datafield><datafield ind1="1" ind2=" " tag="362"><subfield code="a">Began in 1869; ceased in 1900?</subfield></datafield><datafield ind1=" " ind2=" " tag="500"><subfield code="a">Published as: Chautauqua farmer and dairyman's friend, &lt;Feb. 23, 1870&gt;-Apr. 23, 1870.</subfield></datafield><datafield ind1=" " ind2=" " tag="500"><subfield code="a">Published: at Dunkirk, N.Y., &lt;June 9-July 21, 1869&gt;; at Forestville, N.Y., &lt;Oct. 16, 1869-1879&gt;; at Dunkirk, N.Y., &lt;1880-1890&gt;.</subfield></datafield><datafield ind1=" " ind2=" " tag="500"><subfield code="a">Publishers: J.M. Lake, &lt;June 1869&gt;; Parker &amp; Russell, &lt;1870&gt;; Parker &amp; Hendricks, &lt;1873-1877&gt;; Dunkirk Print. Co., &lt;1891&gt;.</subfield></datafield><datafield ind1=" " ind2=" " tag="500"><subfield code="a">Editor: A.G. Parker, &lt;1876-1877&gt;.</subfield></datafield><datafield ind1=" " ind2=" " tag="588"><subfield code="a">Description based on: Vol. 1, no. 24 (June 9, 1869).</subfield></datafield><datafield ind1=" " ind2="4" tag="651"><subfield code="a">Dunkirk (N.Y.)</subfield><subfield code="v">Newspapers.</subfield></datafield><datafield ind1=" " ind2="4" tag="651"><subfield code="a">Forestville (N.Y.)</subfield><subfield code="v">Newspapers.</subfield></datafield><datafield ind1=" " ind2="4" tag="651"><subfield code="a">Chautauqua County (N.Y.)</subfield><subfield code="v">Newspapers.</subfield></datafield><datafield ind1=" " ind2=" " tag="752"><subfield code="a">United States</subfield><subfield code="b">New York</subfield><subfield code="c">Chautauqua</subfield><subfield code="d">Dunkirk.</subfield></datafield><datafield ind1=" " ind2=" " tag="752"><subfield code="a">United States</subfield><subfield code="b">New York</subfield><subfield code="c">Chautauqua</subfield><subfield code="d">Forestville.</subfield></datafield><datafield ind1="0" ind2="7" tag="785"><subfield code="t">Grape belt (Brocton, N.Y.)</subfield><subfield code="w">(DLC)sn 84031415</subfield></datafield><datafield ind1="0" ind2="7" tag="785"><subfield code="t">Grape belt and Chautauqua farmer</subfield><subfield code="w">(DLC)sn 84031420</subfield></datafield><datafield ind1="1" ind2=" " tag="029"><subfield code="a">AU@</subfield><subfield code="b">000025829796</subfield></datafield></record>